@article{jltsilva,
  title={A reference profile ontology for communities of practice},
  author={Da Silva, Joao LT and Ribeiro, Alexandre Moretto and Boff, Elisa and Primo, Tiago Thompsen and Viccari, Rosa Maria},
  journal={International Journal of Metadata, Semantics and Ontologies},
  volume={7},
  number={3},
  pages={185--196},
  year={2012},
  publisher={Inderscience Publishers Ltd}
}
